%YAML 1.1
%TAG !u! tag:unity3d.com,2011:
--- !u!1 &2317385282056861161
GameObject:
  m_ObjectHideFlags: 0
  m_CorrespondingSourceObject: {fileID: 0}
  m_PrefabInstance: {fileID: 0}
  m_PrefabAsset: {fileID: 0}
  serializedVersion: 6
  m_Component:
  - component: {fileID: 331506270629211122}
  - component: {fileID: 3848068547952698956}
  - component: {fileID: 1241782194335903549}
  m_Layer: 0
  m_Name: detail_right_two
  m_TagString: Untagged
  m_Icon: {fileID: 0}
  m_NavMeshLayer: 0
  m_StaticEditorFlags: 0
  m_IsActive: 1
--- !u!4 &331506270629211122
Transform:
  m_ObjectHideFlags: 0
  m_CorrespondingSourceObject: {fileID: 0}
  m_PrefabInstance: {fileID: 0}
  m_PrefabAsset: {fileID: 0}
  m_GameObject: {fileID: 2317385282056861161}
  m_LocalRotation: {x: -0, y: -0, z: 0.01745245, w: 0.99984777}
  m_LocalPosition: {x: 0.22999999, y: 2.749, z: 0}
  m_LocalScale: {x: 1.2, y: 1, z: 1}
  m_Children: []
  m_Father: {fileID: 7512403175635277245}
  m_RootOrder: 1
  m_LocalEulerAnglesHint: {x: 0, y: 0, z: 2}
--- !u!212 &3848068547952698956
SpriteRenderer:
  m_ObjectHideFlags: 0
  m_CorrespondingSourceObject: {fileID: 0}
  m_PrefabInstance: {fileID: 0}
  m_PrefabAsset: {fileID: 0}
  m_GameObject: {fileID: 2317385282056861161}
  m_Enabled: 1
  m_CastShadows: 0
  m_ReceiveShadows: 0
  m_DynamicOccludee: 1
  m_MotionVectors: 1
  m_LightProbeUsage: 1
  m_ReflectionProbeUsage: 1
  m_RayTracingMode: 0
  m_RayTraceProcedural: 0
  m_RenderingLayerMask: 1
  m_RendererPriority: 0
  m_Materials:
  - {fileID: 10754, guid: 0000000000000000f000000000000000, type: 0}
  m_StaticBatchInfo:
    firstSubMesh: 0
    subMeshCount: 0
  m_StaticBatchRoot: {fileID: 0}
  m_ProbeAnchor: {fileID: 0}
  m_LightProbeVolumeOverride: {fileID: 0}
  m_ScaleInLightmap: 1
  m_ReceiveGI: 1
  m_PreserveUVs: 0
  m_IgnoreNormalsForChartDetection: 0
  m_ImportantGI: 0
  m_StitchLightmapSeams: 1
  m_SelectedEditorRenderState: 0
  m_MinimumChartSize: 4
  m_AutoUVMaxDistance: 0.5
  m_AutoUVMaxAngle: 89
  m_LightmapParameters: {fileID: 0}
  m_SortingLayerID: 0
  m_SortingLayer: 0
  m_SortingOrder: 0
  m_Sprite: {fileID: 21300000, guid: f533c9795fb0247ed89ac478e1366e43, type: 3}
  m_Color: {r: 1, g: 1, b: 1, a: 1}
  m_FlipX: 0
  m_FlipY: 0
  m_DrawMode: 0
  m_Size: {x: 3.6, y: 5.3}
  m_AdaptiveModeThreshold: 0.5
  m_SpriteTileMode: 0
  m_WasSpriteAssigned: 1
  m_MaskInteraction: 0
  m_SpriteSortPoint: 0
--- !u!60 &1241782194335903549
PolygonCollider2D:
  m_ObjectHideFlags: 0
  m_CorrespondingSourceObject: {fileID: 0}
  m_PrefabInstance: {fileID: 0}
  m_PrefabAsset: {fileID: 0}
  m_GameObject: {fileID: 2317385282056861161}
  m_Enabled: 1
  m_Density: 1
  m_Material: {fileID: 0}
  m_IsTrigger: 0
  m_UsedByEffector: 0
  m_UsedByComposite: 0
  m_Offset: {x: 0, y: 0}
  m_SpriteTilingProperty:
    border: {x: 0, y: 0, z: 0, w: 0}
    pivot: {x: 0.5, y: 0.5}
    oldSize: {x: 3.6, y: 5.3}
    newSize: {x: 3.6, y: 5.3}
    adaptiveTilingThreshold: 0.5
    drawMode: 0
    adaptiveTiling: 0
  m_AutoTiling: 0
  m_Points:
    m_Paths:
    - - {x: 0.12, y: -2.27}
      - {x: 0.17999999, y: -2.25}
      - {x: 1.13, y: -1.93}
      - {x: 1.4599999, y: -1.8199999}
      - {x: 1.53, y: -1.8}
      - {x: 1.5899999, y: -1.78}
      - {x: 1.64, y: -1.76}
      - {x: 1.66, y: -1.74}
      - {x: 1.7099999, y: -1.6999999}
      - {x: 1.76, y: -1.5899999}
      - {x: 1.76, y: -1.48}
      - {x: 1.74, y: -1.42}
      - {x: 1.7199999, y: -1.39}
      - {x: 1.66, y: -1.3199999}
      - {x: 1.5699999, y: -1.28}
      - {x: 1.4399999, y: -1.28}
      - {x: 1.38, y: -1.3}
      - {x: 1.26, y: -1.36}
      - {x: 1.24, y: -1.36}
      - {x: 1.06, y: -1.42}
      - {x: 0.98999995, y: -1.4399999}
      - {x: 0.81, y: -1.5}
      - {x: 0.72999996, y: -1.52}
      - {x: 0.66999996, y: -1.54}
      - {x: 0.53, y: -1.5899999}
      - {x: 0.45, y: -1.61}
      - {x: 0.39, y: -1.63}
      - {x: 0.28, y: -1.67}
      - {x: 0.19999999, y: -1.6899999}
      - {x: 0.14, y: -1.7099999}
      - {x: 0, y: -1.76}
      - {x: -0.08, y: -1.78}
      - {x: -0.14, y: -1.8}
      - {x: -0.19, y: -1.8199999}
      - {x: -0.28, y: -1.8499999}
      - {x: -0.35, y: -1.88}
      - {x: -0.37, y: -1.91}
      - {x: -0.37, y: -1.92}
      - {x: -0.34, y: -1.9499999}
      - {x: -0.25, y: -1.99}
      - {x: -0.19999999, y: -2.04}
      - {x: -0.16, y: -2.1}
      - {x: -0.16, y: -2.1299999}
      - {x: -0.14999999, y: -2.1399999}
      - {x: -0.16, y: -2.23}
      - {x: -0.19, y: -2.31}
      - {x: -0.19, y: -2.33}
      - {x: -0.16, y: -2.36}
      - {x: -0.12, y: -2.35}
      - {x: -0.04, y: -2.32}
      - {x: 0.02, y: -2.3}
      - {x: 0.04, y: -2.29}
--- !u!1 &7187256285370528444
GameObject:
  m_ObjectHideFlags: 0
  m_CorrespondingSourceObject: {fileID: 0}
  m_PrefabInstance: {fileID: 0}
  m_PrefabAsset: {fileID: 0}
  serializedVersion: 6
  m_Component:
  - component: {fileID: 798536972152522368}
  - component: {fileID: 2637202817783057920}
  - component: {fileID: 3382012723692998460}
  m_Layer: 0
  m_Name: detail_right_one
  m_TagString: Untagged
  m_Icon: {fileID: 0}
  m_NavMeshLayer: 0
  m_StaticEditorFlags: 0
  m_IsActive: 1
--- !u!4 &798536972152522368
Transform:
  m_ObjectHideFlags: 0
  m_CorrespondingSourceObject: {fileID: 0}
  m_PrefabInstance: {fileID: 0}
  m_PrefabAsset: {fileID: 0}
  m_GameObject: {fileID: 7187256285370528444}
  m_LocalRotation: {x: -0, y: -0, z: -0, w: 1}
  m_LocalPosition: {x: 0.6, y: 2.907, z: 0}
  m_LocalScale: {x: 1, y: 1.1403885, z: 1}
  m_Children: []
  m_Father: {fileID: 7512403175635277245}
  m_RootOrder: 2
  m_LocalEulerAnglesHint: {x: 0, y: 0, z: 0}
--- !u!212 &2637202817783057920
SpriteRenderer:
  m_ObjectHideFlags: 0
  m_CorrespondingSourceObject: {fileID: 0}
  m_PrefabInstance: {fileID: 0}
  m_PrefabAsset: {fileID: 0}
  m_GameObject: {fileID: 7187256285370528444}
  m_Enabled: 1
  m_CastShadows: 0
  m_ReceiveShadows: 0
  m_DynamicOccludee: 1
  m_MotionVectors: 1
  m_LightProbeUsage: 1
  m_ReflectionProbeUsage: 1
  m_RayTracingMode: 0
  m_RayTraceProcedural: 0
  m_RenderingLayerMask: 1
  m_RendererPriority: 0
  m_Materials:
  - {fileID: 10754, guid: 0000000000000000f000000000000000, type: 0}
  m_StaticBatchInfo:
    firstSubMesh: 0
    subMeshCount: 0
  m_StaticBatchRoot: {fileID: 0}
  m_ProbeAnchor: {fileID: 0}
  m_LightProbeVolumeOverride: {fileID: 0}
  m_ScaleInLightmap: 1
  m_ReceiveGI: 1
  m_PreserveUVs: 0
  m_IgnoreNormalsForChartDetection: 0
  m_ImportantGI: 0
  m_StitchLightmapSeams: 1
  m_SelectedEditorRenderState: 0
  m_MinimumChartSize: 4
  m_AutoUVMaxDistance: 0.5
  m_AutoUVMaxAngle: 89
  m_LightmapParameters: {fileID: 0}
  m_SortingLayerID: 0
  m_SortingLayer: 0
  m_SortingOrder: -1
  m_Sprite: {fileID: 21300000, guid: df1f20c5be28c4ead826a4d0315d7037, type: 3}
  m_Color: {r: 1, g: 1, b: 1, a: 1}
  m_FlipX: 0
  m_FlipY: 0
  m_DrawMode: 0
  m_Size: {x: 3.6, y: 5.3}
  m_AdaptiveModeThreshold: 0.5
  m_SpriteTileMode: 0
  m_WasSpriteAssigned: 1
  m_MaskInteraction: 0
  m_SpriteSortPoint: 0
--- !u!60 &3382012723692998460
PolygonCollider2D:
  m_ObjectHideFlags: 0
  m_CorrespondingSourceObject: {fileID: 0}
  m_PrefabInstance: {fileID: 0}
  m_PrefabAsset: {fileID: 0}
  m_GameObject: {fileID: 7187256285370528444}
  m_Enabled: 1
  m_Density: 1
  m_Material: {fileID: 0}
  m_IsTrigger: 0
  m_UsedByEffector: 0
  m_UsedByComposite: 0
  m_Offset: {x: 0, y: 0}
  m_SpriteTilingProperty:
    border: {x: 0, y: 0, z: 0, w: 0}
    pivot: {x: 0.5, y: 0.5}
    oldSize: {x: 3.6, y: 5.3}
    newSize: {x: 3.6, y: 5.3}
    adaptiveTilingThreshold: 0.5
    drawMode: 0
    adaptiveTiling: 0
  m_AutoTiling: 0
  m_Points:
    m_Paths:
    - - {x: 1.39, y: 2.6299999}
      - {x: 1.36, y: 2.61}
      - {x: 1.26, y: 2.48}
      - {x: 1.25, y: 1.5799999}
      - {x: 1.25, y: -1.4599999}
      - {x: 1.28, y: -1.51}
      - {x: 1.35, y: -1.48}
      - {x: 1.4699999, y: -1.51}
      - {x: 1.77, y: -1.51}
      - {x: 1.78, y: -1.29}
      - {x: 1.7371696, y: 2.4950469}
      - {x: 1.4958466, y: 2.747784}
--- !u!1 &7512403175445112285
GameObject:
  m_ObjectHideFlags: 0
  m_CorrespondingSourceObject: {fileID: 0}
  m_PrefabInstance: {fileID: 0}
  m_PrefabAsset: {fileID: 0}
  serializedVersion: 6
  m_Component:
  - component: {fileID: 7512403175445112259}
  - component: {fileID: 7512403175445112258}
  - component: {fileID: 7512403175445112257}
  - component: {fileID: 7512403175445112256}
  - component: {fileID: 7512403175445112286}
  m_Layer: 0
  m_Name: HingleJoint
  m_TagString: Untagged
  m_Icon: {fileID: 0}
  m_NavMeshLayer: 0
  m_StaticEditorFlags: 0
  m_IsActive: 1
--- !u!4 &7512403175445112259
Transform:
  m_ObjectHideFlags: 0
  m_CorrespondingSourceObject: {fileID: 0}
  m_PrefabInstance: {fileID: 0}
  m_PrefabAsset: {fileID: 0}
  m_GameObject: {fileID: 7512403175445112285}
  m_LocalRotation: {x: -0, y: -0, z: -0, w: 1}
  m_LocalPosition: {x: -0.629, y: 0.392, z: 0}
  m_LocalScale: {x: 1.1, y: 1.1, z: 1.1}
  m_Children: []
  m_Father: {fileID: 7512403175635277245}
  m_RootOrder: 0
  m_LocalEulerAnglesHint: {x: 0, y: 0, z: 0}
--- !u!212 &7512403175445112258
SpriteRenderer:
  m_ObjectHideFlags: 0
  m_CorrespondingSourceObject: {fileID: 0}
  m_PrefabInstance: {fileID: 0}
  m_PrefabAsset: {fileID: 0}
  m_GameObject: {fileID: 7512403175445112285}
  m_Enabled: 1
  m_CastShadows: 0
  m_ReceiveShadows: 0
  m_DynamicOccludee: 1
  m_MotionVectors: 1
  m_LightProbeUsage: 1
  m_ReflectionProbeUsage: 1
  m_RayTracingMode: 0
  m_RayTraceProcedural: 0
  m_RenderingLayerMask: 1
  m_RendererPriority: 0
  m_Materials:
  - {fileID: 10754, guid: 0000000000000000f000000000000000, type: 0}
  m_StaticBatchInfo:
    firstSubMesh: 0
    subMeshCount: 0
  m_StaticBatchRoot: {fileID: 0}
  m_ProbeAnchor: {fileID: 0}
  m_LightProbeVolumeOverride: {fileID: 0}
  m_ScaleInLightmap: 1
  m_ReceiveGI: 1
  m_PreserveUVs: 0
  m_IgnoreNormalsForChartDetection: 0
  m_ImportantGI: 0
  m_StitchLightmapSeams: 1
  m_SelectedEditorRenderState: 0
  m_MinimumChartSize: 4
  m_AutoUVMaxDistance: 0.5
  m_AutoUVMaxAngle: 89
  m_LightmapParameters: {fileID: 0}
  m_SortingLayerID: 0
  m_SortingLayer: 0
  m_SortingOrder: 3
  m_Sprite: {fileID: 21300000, guid: 0b9f8e9b1f6e746d480a53c0631903e8, type: 3}
  m_Color: {r: 1, g: 1, b: 1, a: 1}
  m_FlipX: 0
  m_FlipY: 0
  m_DrawMode: 0
  m_Size: {x: 1, y: 1}
  m_AdaptiveModeThreshold: 0.5
  m_SpriteTileMode: 0
  m_WasSpriteAssigned: 1
  m_MaskInteraction: 0
  m_SpriteSortPoint: 0
--- !u!50 &7512403175445112257
Rigidbody2D:
  serializedVersion: 4
  m_ObjectHideFlags: 0
  m_CorrespondingSourceObject: {fileID: 0}
  m_PrefabInstance: {fileID: 0}
  m_PrefabAsset: {fileID: 0}
  m_GameObject: {fileID: 7512403175445112285}
  m_BodyType: 0
  m_Simulated: 1
  m_UseFullKinematicContacts: 0
  m_UseAutoMass: 0
  m_Mass: 40
  m_LinearDrag: 0
  m_AngularDrag: 0
  m_GravityScale: 15
  m_Material: {fileID: 0}
  m_Interpolate: 0
  m_SleepingMode: 1
  m_CollisionDetection: 1
  m_Constraints: 0
--- !u!233 &7512403175445112256
HingeJoint2D:
  m_ObjectHideFlags: 0
  m_CorrespondingSourceObject: {fileID: 0}
  m_PrefabInstance: {fileID: 0}
  m_PrefabAsset: {fileID: 0}
  m_GameObject: {fileID: 7512403175445112285}
  m_Enabled: 1
  serializedVersion: 4
  m_EnableCollision: 0
  m_ConnectedRigidBody: {fileID: 0}
  m_BreakForce: Infinity
  m_BreakTorque: Infinity
  m_AutoConfigureConnectedAnchor: 1
  m_Anchor: {x: 0.51605046, y: 0.18457985}
  m_ConnectedAnchor: {x: 1.3563865, y: -9.015954}
  m_UseMotor: 0
  m_Motor:
    m_MotorSpeed: 5000
    m_MaximumMotorForce: 20000
  m_UseLimits: 1
  m_AngleLimits:
    m_LowerAngle: 0
    m_UpperAngle: 60
--- !u!60 &7512403175445112286
PolygonCollider2D:
  m_ObjectHideFlags: 0
  m_CorrespondingSourceObject: {fileID: 0}
  m_PrefabInstance: {fileID: 0}
  m_PrefabAsset: {fileID: 0}
  m_GameObject: {fileID: 7512403175445112285}
  m_Enabled: 1
  m_Density: 1
  m_Material: {fileID: 0}
  m_IsTrigger: 0
  m_UsedByEffector: 0
  m_UsedByComposite: 0
  m_Offset: {x: 0, y: 0}
  m_SpriteTilingProperty:
    border: {x: 0, y: 0, z: 0, w: 0}
    pivot: {x: 0.5, y: 0.5}
    oldSize: {x: 1.54, y: 0.86}
    newSize: {x: 1, y: 1}
    adaptiveTilingThreshold: 0.5
    drawMode: 0
    adaptiveTiling: 0
  m_AutoTiling: 0
  m_Points:
    m_Paths:
    - - {x: 0.63, y: -0.07}
      - {x: 0.74, y: 0.01}
      - {x: 0.77, y: 0.08}
      - {x: 0.77, y: 0.29}
      - {x: 0.76, y: 0.31}
      - {x: 0.7, y: 0.39}
      - {x: 0.61, y: 0.42999998}
      - {x: 0.44, y: 0.42999998}
      - {x: 0.37, y: 0.39999998}
      - {x: 0.24, y: 0.34}
      - {x: 0.089999996, y: 0.26999998}
      - {x: -0.04, y: 0.21}
      - {x: -0.19, y: 0.14}
      - {x: -0.71, y: -0.099999994}
      - {x: -0.77, y: -0.17}
      - {x: -0.77, y: -0.35}
      - {x: -0.74, y: -0.39999998}
      - {x: -0.69, y: -0.42999998}
      - {x: -0.48999998, y: -0.42999998}
      - {x: -0.31, y: -0.37}
      - {x: 0.16, y: -0.21}
      - {x: 0.29999998, y: -0.17999999}
--- !u!1 &7512403175635277244
GameObject:
  m_ObjectHideFlags: 0
  m_CorrespondingSourceObject: {fileID: 0}
  m_PrefabInstance: {fileID: 0}
  m_PrefabAsset: {fileID: 0}
  serializedVersion: 6
  m_Component:
  - component: {fileID: 7512403175635277245}
  - component: {fileID: 7512403175635277246}
  m_Layer: 0
  m_Name: RightFlipper
  m_TagString: Untagged
  m_Icon: {fileID: 0}
  m_NavMeshLayer: 0
  m_StaticEditorFlags: 0
  m_IsActive: 1
--- !u!4 &7512403175635277245
Transform:
  m_ObjectHideFlags: 0
  m_CorrespondingSourceObject: {fileID: 0}
  m_PrefabInstance: {fileID: 0}
  m_PrefabAsset: {fileID: 0}
  m_GameObject: {fileID: 7512403175635277244}
  m_LocalRotation: {x: 0, y: 0, z: 0, w: 1}
  m_LocalPosition: {x: 1.43, y: -9.73, z: 0}
  m_LocalScale: {x: 1.2, y: 1.2, z: 1.2}
  m_Children:
  - {fileID: 7512403175445112259}
  - {fileID: 331506270629211122}
  - {fileID: 798536972152522368}
  m_Father: {fileID: 0}
  m_RootOrder: 0
  m_LocalEulerAnglesHint: {x: 0, y: 0, z: 0}
--- !u!114 &7512403175635277246
MonoBehaviour:
  m_ObjectHideFlags: 0
  m_CorrespondingSourceObject: {fileID: 0}
  m_PrefabInstance: {fileID: 0}
  m_PrefabAsset: {fileID: 0}
  m_GameObject: {fileID: 7512403175635277244}
  m_Enabled: 1
  m_EditorHideFlags: 0
  m_Script: {fileID: 11500000, guid: abce77fc2a244fcab36024b7f40d960b, type: 3}
  m_Name: 
  m_EditorClassIdentifier: 
  _hingeJoint2D: {fileID: 7512403175445112256}
